@article{bib:n1,
  title={Nonlinear interaction of diffracted light beams in a medium with quadratic nonlinearity: mutual focusing of beams and limitation on the efficiency of optical frequency converters},
  author={Karamzin, Yu N and Sukhorukov, AP},
  journal={JETP Lett},
  volume={20},
  number={11},
  pages={339--343},
  year={1974}
}

@article{bib:n2,
  title={Observation of two-dimensional spatial solitary waves in a quadratic medium},
  author={Torruellas, William E and Wang, Zuo and Hagan, David J and VanStryland, Eric W and Stegeman, George I and Torner, Lluis and Menyuk, Curtis R},
  journal={Physical review letters},
  volume={74},
  number={25},
  pages={5036},
  year={1995},
  doi={10.1103/PhysRevLett.74.5036},
  publisher={APS}
}
@article{bib:n3,
  title={One-dimensional spatial solitary waves due to cascaded second-order nonlinearities in planar waveguides},
  author={Schiek, Roland and Baek, Yongsoon and Stegeman, George I},
  journal={Physical Review E},
  volume={53},
  number={1},
  pages={1138},
  year={1996},
  doi={10.1103/PhysRevE.53.1138},
  publisher={APS}
}

@article{bib:n4,
  title={Spatial modulational instability and multisolitonlike generation in a quadratically nonlinear optical medium},
  author={Fuerst, RA and Baboiu, D-M and Lawrence, B and Torruellas, WE and Stegeman, GI and Trillo, Stefano and Wabnitz, Stefan},
  journal={Physical review letters},
  volume={78},
  number={14},
  pages={2756},
  year={1997},
  doi = {10.1103/PhysRevLett.78.2756},
  publisher={APS}
}

@article{bib:n5,
  title={Collisions between type II two-dimensional quadratic solitons},
  author={Costantini, B and De Angelis, Costantino and Barth{\'e}l{\'e}my, Alain and Bourliaguet, B and Kermene, Vincent},
  journal={Optics letters},
  volume={23},
  number={6},
  pages={424--426},
  year={1998},
  doi={10.1364/OL.23.000424},
  publisher={Optical Society of America}
}

@article{bib:n6,
  title={Observation of temporal solitons in second-harmonic generation with tilted pulses},
  author={Di Trapani, P and Caironi, D and Valiulis, G and Dubietis, A and Danielius, R and Piskarskas, A},
  journal={Physical review letters},
  volume={81},
  number={3},
  pages={570},
  year={1998},
  doi={10.1364/OL.23.000424},
  publisher={APS}
}

@article{bib:n7,
  title={Generation of optical spatiotemporal solitons},
  author={Liu, X and Qian, LJ and Wise, FW},
  journal={Physical review letters},
  volume={82},
  number={23},
  pages={4631},
  year={1999},
  doi = {10.1103/PhysRevLett.82.4631},
  publisher={APS}
}

@article{bib:n9,
  title={Cascaded Raman self-frequency shifted soliton generation in an Er/Yb-doped fiber amplifier},
  author={Kim, Do-Hyun and Kang, Jin U and Khurgin, Jacob B},
  journal={Applied physics letters},
  volume={81},
  number={15},
  pages={2695--2697},
  year={2002},
  doi={10.1063/1.1512823},
  publisher={American Institute of Physics}
}

@article{bib:n10,
  title={Cascaded generation of coherent Raman dissipative solitons},
  author={Kharenko, Denis S and Bednyakova, Anastasia E and Podivilov, Evgeniy V and Fedoruk, Mikhail P and Apolonski, Alexander and Babin, Sergey A},
  journal={Optics letters},
  volume={41},
  number={1},
  pages={175--178},
  year={2016},
  doi={10.1364/OL.41.000175},
  publisher={Optical Society of America}
}

@article{bib:n8,
  title={Optical solitons due to quadratic nonlinearities: from basic physics to futuristic applications},
  author={Buryak, Alexander V and Di Trapani, Paolo and Skryabin, Dmitry V and Trillo, Stefano},
  journal={Physics Reports},
  volume={370},
  number={2},
  pages={63--235},
  year={2002},
  doi={10.1016/S0370-1573(02)00196-5},
  publisher={Elsevier}
}

@inproceedings{bib:n11,
  title={Cascaded photonic crystal fibers for three stage non-integer order soliton compression},
  author={Cheng, Zihao and Fu, HY and Li, Qian},
  booktitle={2017 16th International Conference on Optical Communications and Networks (ICOCN)},
  pages={1--2},
  year={2017},
  doi={10.1109/ICOCN.2017.8121448},
  organization={IEEE}
}

@article{bib:n12,
  title={Type-I cascaded quadratic soliton compression in lithium niobate: Compressing femtosecond pulses from high-power fiber lasers},
  author={Bache, Morten and Wise, Frank W},
  journal={Physical Review A},
  volume={81},
  number={5},
  pages={053815},
  year={2010},
  doi={10.1103/PhysRevA.81.053815},
  publisher={APS}
}

@inproceedings{bib:n13,
  title={Adiabatic femtosecond pulse compression and control by using quadratic cascading nonlinearity},
  author={Zeng, Xianglong and Ashihara, Satoshi and Shimura, Tsutomu and Kuroda, Kazuo},
  booktitle={Nonlinear Optics: Technologies and Applications},
  volume={6839},
  pages={68390B},
  year={2008},
  doi={10.1117/12.757074},
  organization={International Society for Optics and Photonics}
}

@article{bib:n14,
  title={Soliton compression of femtosecond pulses in quadratic media},
  author={Ashihara, S and Nishina, J and Shimura, T and Kuroda, K},
  journal={JOSA B},
  volume={19},
  number={10},
  pages={2505--2510},
  year={2002},
  doi={10.1364/JOSAB.19.002505},
  publisher={Optical Society of America}
}

@article{bib:n15,
  title={Cascaded higher-order soliton for non-adiabatic pulse compression},
  author={Li, Qian and Kutz, J Nathan and Wai, PKA},
  journal={JOSA B},
  volume={27},
  number={11},
  pages={2180--2189},
  year={2010},
  doi={10.1364/JOSAB.27.002180},
  publisher={Optical Society of America}
}

@article{bib:n16,
  title={Limits to compression with cascaded quadratic soliton compressors},
  author={Bache, Morten and Bang, Ole and Krolikowski, Wieslaw and Moses, Jeffrey and Wise, Frank W},
  journal={Optics Express},
  volume={16},
  number={5},
  pages={3273--3287},
  year={2008},
  doi={10.1364/OE.16.003273},
  publisher={Optical Society of America}
}

@article{bib:n17,
  title={Soliton compression in quadratic media: high-energy few-cycle pulses with a frequency-doubling crystal},
  author={Moses, Jeffrey and Wise, Frank W},
  journal={Optics letters},
  volume={31},
  number={12},
  pages={1881--1883},
  year={2006},
  doi={10.1364/OL.31.001881},
  publisher={Optical Society of America}
}

@article{bib:n18,
  title={Spatiotemporal light bullets and supercontinuum generation in $\beta$-BBO crystal with competing quadratic and cubic nonlinearities},
  author={{\v{S}}uminas, R and Tamo{\v{s}}auskas, G and Valiulis, G and Dubietis, A},
  journal={Optics Letters},
  volume={41},
  number={9},
  pages={2097--2100},
  year={2016},
  doi={10.1364/OL.41.002097},
  publisher={Optical Society of America}
}

@article{bib:n19,
  title={Effective lensing effects in parametric frequency conversion},
  author={Conti, C and Trillo, Stefano and Di Trapani, P and Kilius, J and Bramati, A and Minardi, S and Chinaglia, W and Valiulis, G},
  journal={JOSA B},
  volume={19},
  number={4},
  pages={852--859},
  year={2002},
  doi={10.1364/JOSAB.19.000852},
  publisher={Optical Society of America}
}

@article{bib:n20,
  title={Strong self-focusing of axial symmetric laser beam due to quadratic nonlinearity},
  author={Trofimov, Vyacheslav A and Lysak, Tatiana M},
  journal={JOSA B},
  volume={29},
  number={7},
  pages={1731--1743},
  year={2012},
  doi={10.1364/JOSAB.29.001731},
  publisher={Optical Society of America}
}

@article{bib:n21,
  title={Achieving high-efficiency second harmonic generation in a sequence of laser pulses with random peak intensity. Part I. Efficient generation in optical fibers},
  author={Lysak, TM and Trofimov, VA},
  journal={Computational Mathematics and Modeling},
  volume={19},
  number={4},
  pages={333--342},
  year={2008},
  doi={10.1007/s10598-008-9012-z},
  publisher={Springer}
}

@article{bib:n22,
  title={Achieving high-efficiency second harmonic generation in a sequence of laser pulses with random peak intensity. Part II. Suppression of intensity fluctuations in a quadratic-nonlinearity medium},
  author={Lysak, TM and Trofimov, VA},
  journal={Computational mathematics and modeling},
  volume={20},
  number={1},
  pages={1--25},
  year={2009},
  doi={10.1007/s10598-009-9015-4},
  publisher={Springer}
}

@article{bib:n23a,
  title={Achieving high-efficiency second harmonic generation in a sequence of laser pulses with random peak intensity. Part III. Propagation of pulses in a bulk medium},
  author={Lysak, TM and Trofimov, VA},
  journal={Computational mathematics and modeling},
  volume={20},
  number={1},
  pages={101--112},
  year={2009},
  doi={10.1007/s10598-009-9030-5},
  publisher={Springer}
}

@article{bib:n23,
  title={Highly efficient SHG of a sequence of laser pulses with a random peak intensity and duration},
  author={Trofimov, VA and Lysak, TM},
  journal={Optics and Spectroscopy},
  volume={107},
  number={3},
  pages={399--406},
  year={2009},
  doi={10.1134/S0030400X0909015X},
  publisher={Springer}
}

@book{bib:n24,
  title={Introduction to perturbation techniques},
  author={Nayfeh, Ali H},
  year={2011},
  doi={10.1002/zamm.19810611224},
  publisher={John Wiley \& Sons}
}

@article{bib:t4a,
  title={Demonstration of high efficiency third harmonic conversion of high power Nd-glass laser radiation},
  author={Seka, W and Jacobs, SD and Rizzo, JE and Boni, R and Craxton, RS},
  journal={Optics Communications},
  volume={34},
  number={3},
  pages={469--473},
  year={1980},
  doi={10.1016/0030-4018(80)90419-8},
  publisher={Elsevier}
}

@article{bib:t4,
  title={Theory of high efficiency third harmonic generation of high power Nd-glass laser radiation},
  author={Craxton, R Stephen},
  journal={Optics Communications},
  volume={34},
  number={3},
  pages={474--478},
  year={1980},
  doi={10.1016/0030-4018(80)90420-4},
  publisher={Elsevier}
}

@article{bib:t3,
  title={Cascaded third-harmonic generation with one KDP crystal},
  author={Qi, Hongwei and Wang, Zhengping and Yu, Fapeng and Sun, Xun and Xu, Xinguang and Zhao, Xian},
  journal={Optics Letters},
  volume={41},
  number={24},
  pages={5823--5826},
  year={2016},
  doi={10.1364/OL.41.005823},
  publisher={Optical Society of America}
}

@article{bib:t1,
  title={High-intensity third-harmonic generation},
  author={Banks, Paul S and Feit, Michael D and Perry, Michael D},
  journal={JOSA B},
  volume={19},
  number={1},
  pages={102--118},
  year={2002},
  doi={10.1364/JOSAB.19.000102},
  publisher={Optical Society of America}
}

@article{bib:t2,
  title={Quasi-phase-matched third-harmonic generation in a quasi-periodic optical superlattice},
  author={Zhu, Shi-ning and Zhu, Yong-yuan and Ming, Nai-ben},
  journal={Science},
  volume={278},
  number={5339},
  pages={843--846},
  year={1997},
  doi={10.1126/science.278.5339.843},
  publisher={American Association for the Advancement of Science}
}

@article{bib:t5,
  title={Efficient third-harmonic generation of a picosecond laser pulse with time delay},
  author={Zhang, Tiejun and Kato, Yoshiaki and Daido, Hiroyuki},
  journal={IEEE journal of quantum electronics},
  volume={32},
  number={1},
  pages={127--136},
  year={1996},
  doi={10.1109/3.481929},
  publisher={IEEE}
}

@misc{bib:ri,
  author = {Mikhail N. Polyanskiy},
  title = {Refractive index database},
  howpublished = {\url{https://refractiveindex.info}},
}

@article{bib:tilt1,
  title={Negative group-velocity dispersion using refraction},
  author={Martinez, OE and Gordon, JP and Fork, RL},
  journal={JOSA A},
  volume={1},
  number={10},
  pages={1003--1006},
  year={1984},
  doi={10.1364/JOSAA.1.001003},
  publisher={Optical Society of America}
}

@article{bib:tilt2,
  title={Grating and prism compressors in the case of finite beam size},
  author={Martinez, Oscar E},
  journal={JOSA B},
  volume={3},
  number={7},
  pages={929--934},
  year={1986},
  doi={10.1364/JOSAB.3.000929},
  publisher={Optical Society of America}
}

@misc{bib:np,
  howpublished = {\url{http://www.numpy.org}},
}

@article{bib:n25,
  title={Laser oscillations in Nd-doped yttrium aluminum, yttrium gallium and gadolinium garnets},
  author={Geusic, JE and Marcos, HM and Van Uitert, LeGrand},
  journal={Applied Physics Letters},
  volume={4},
  number={10},
  pages={182--184},
  year={1964},
  doi={10.1063/1.1753928},
  publisher={American Institute of Physics}
}

@article{bib:n26,
  title={Refractive indices of ammonium dihydrogen phosphate and potassium dihydrogen phosphate between 2000 {\AA} and 1.5 $\mu$},
  author={Zernike, Frits},
  journal={JOSA},
  volume={54},
  number={10},
  pages={1215--1220},
  year={1964},
  doi={10.1364/JOSA.54.001215},
  publisher={Optical Society of America}
}

@article{bib:c1,
  title={Transmittance and phase matching of BBO crystal in the 3- 5 $\mu$m range and its application for the characterization of mid-infrared laser pulses},
  author={Tamo{\v{s}}auskas, Gintaras and Beresnevi{\v{c}}ius, Gvidas and Gadonas, Darius and Dubietis, Audrius},
  journal={Optical Materials Express},
  volume={8},
  number={6},
  pages={1410--1418},
  year={2018},
  doi={10.1364/OME.8.001410},
  publisher={Optical Society of America}
}

@article{bib:c2,
  title={Improved Sellmeier Equations and Phase-Matching Characteristics in Deep-Ultraviolet Region of ${\hbox {KBe}} _ {2}{\hbox {BO}} _ {3}{\hbox {F}} _ {2} $  Crystal},
  author={Chen, Chuangtian and Wang, Guiling and Wang, Xiaoyang and Zhu, Yong and Xu, Zuyan and Kanai, Teruto and Watanabe, Shuntaro},
  journal={IEEE journal of quantum electronics},
  volume={44},
  number={7},
  pages={617--621},
  year={2008},
  doi={10.1109/JQE.2008.920324},
  publisher={IEEE}
}

@article{bib:c3,
  title={Deep UV nonlinear optical crystal: $\hbox{RbBe}_2(\hbox{BO}_3)\hbox{F}_2$},
  author={Chen, Chuangtian and Luo, Siyang and Wang, Xiaoyang and Wang, Guiling and Wen, Xiaohong and Wu, Huaxing and Zhang, Xin and Xu, Zuyan},
  journal={JOSA B},
  volume={26},
  number={8},
  pages={1519--1525},
  year={2009},
  doi={10.1364/JOSAB.26.001519},
  publisher={Optical Society of America}
}

@article{bib:c4,
  title={Absolute and relative nonlinear optical coefficients of KDP, KD*P, $\hbox{BaB}_2\hbox{O}_4, \hbox{LiIO}_3, \hbox{MgO: LiNbO}_3$ and KTP measured by phase-matched second-harmonic generation},
  author={Eckardt, Robert C and Masuda, Hisashi and Fan, Yuan Xuan and Byer, Robert L},
  journal={IEEE Journal of Quantum Electronics},
  volume={26},
  number={5},
  pages={922--933},
  year={1990},
  publisher={IEEE},
  doi={10.1109/3.55534}
}

@article{bib:c5,
  title={The vacuum ultraviolet phase-matching characteristics of nonlinear optical KBe2BO3F2 crystal},
  author={Chen, Chuangtian and Xu, Zuyan and Deng, Daoqun and Zhang, Jingyuan and Wong, George KL and Wu, Baichang and Ye, Ning and Tang, Dingyan},
  journal={Applied physics letters},
  volume={68},
  number={21},
  pages={2930--2932},
  year={1996},
  doi={10.1063/1.116358},
  publisher={American Institute of Physics}
}

@article{bib:gan,
  title={Characterization of nonlinear optical parameters of KDP, LiNbO3 and BBO crystals},
  author={Ganeev, RA and Kulagin, IA and Ryasnyansky, AI and Tugushev, RI and Usmanov, T},
  journal={Optics communications},
  volume={229},
  number={1-6},
  pages={403--412},
  year={2004},
  doi={10.1016/j.optcom.2003.10.046},
  publisher={Elsevier}
}